<record><leader>00000cas a22000007a 4500</leader><controlfield tag="001">12540808</controlfield><controlfield tag="008">850912d19501956aludr ne      0    0eng d</controlfield><datafield ind1=" " ind2=" " tag="010"><subfield code="a">sn 85044902 </subfield></datafield><datafield ind1=" " ind2=" " tag="040"><subfield code="a">CPN</subfield><subfield code="b">eng</subfield><subfield code="c">CPN</subfield><subfield code="d">NLG</subfield><subfield code="d">OCLCQ</subfield></datafield><datafield ind1=" " ind2=" " tag="042"><subfield code="a">msc</subfield></datafield><datafield ind1="0" ind2="4" tag="245"><subfield code="a">The Valley daily times-news.</subfield></datafield><datafield ind1=" " ind2=" " tag="260"><subfield code="a">Lanett, Ala. :</subfield><subfield code="b">J.C. Henderson,</subfield><subfield code="c">1950-1956.</subfield></datafield><datafield ind1=" " ind2=" " tag="300"><subfield code="a">v. :</subfield><subfield code="b">ill. ;</subfield><subfield code="c">56 cm.</subfield></datafield><datafield ind1=" " ind2=" " tag="310"><subfield code="a">Daily</subfield></datafield><datafield ind1="0" ind2=" " tag="362"><subfield code="a">Vol. 1, no. 1 (Mar. 2, 1950)-v. 7, no. 74 (June 14, 1956).</subfield></datafield><datafield ind1=" " ind2=" " tag="515"><subfield code="a">Numbering is irregular.</subfield></datafield><datafield ind1=" " ind2=" " tag="580"><subfield code="a">Formed by the union of: Chattahoochee Valley times, Valley tribune (Lanett, Ala.), and: West Point news (West Point, Ga.).</subfield></datafield><datafield ind1=" " ind2=" " tag="752"><subfield code="a">United States</subfield><subfield code="b">Alabama</subfield><subfield code="c">Chambers</subfield><subfield code="d">Lanett.</subfield></datafield><datafield ind1="1" ind2="4" tag="780"><subfield code="t">Chattahoochee Valley times</subfield><subfield code="w">(DLC)sn 85044561</subfield></datafield><datafield ind1="1" ind2="4" tag="780"><subfield code="t">Valley tribune (Lanett, Ala.)</subfield><subfield code="w">(DLC)sn 85044837</subfield></datafield><datafield ind1="1" ind2="4" tag="780"><subfield code="t">West Point news (West Point, Ga.)</subfield><subfield code="w">(DLC)sn 90052282</subfield></datafield><datafield ind1="0" ind2="0" tag="785"><subfield code="t">Valley times-news</subfield><subfield code="w">(DLC)sn 85044903</subfield></datafield></record>